@misc{img:1,
    author = "La Voce Di Rekeep",
    title = "La smart city come processo virtuoso",
    url = "https://www.corriere.it/native-adv/Rekeep-LF01-smart-city.shtml",
}
@article{rose2015internet,
  title={The internet of things: An overview},
  author={Rose, Karen and Eldridge, Scott and Chapin, Lyman},
  journal={The internet society (ISOC)},
  volume={80},
  pages={1--50},
  year={2015}
}
@article{al2015applications,
  title={Applications of big data to smart cities},
  author={Al Nuaimi, Eiman and Al Neyadi, Hind and Mohamed, Nader and Al-Jaroodi, Jameela},
  journal={Journal of Internet Services and Applications},
  volume={6},
  number={1},
  pages={1--15},
  year={2015},
  publisher={SpringerOpen}
}
