@manual{tirf_manual1,
  title         = "SmartRF™ Packet Sniffer User’s Manual",
  organization  = "Texas Instruments",
  address       = "Dallas, Texas, USA",
  year          = "2014 [Online]",
  url           = "https://www.ti.com/lit/ug/swru187g/swru187g.pdf?ts=1649867575476&ref_url=https\%253A\%252F\%252Fwww.google.com\%252F"
}

@manual{ticc26_manual4,
  title         = "CC13x2, CC26x2 SimpleLink™ Wireless MCU",
  organization  = "Texas Instruments",
  address       = "Dallas, Texas, USA",
  howpubliches = " SWCU185E",
  year          = "2019 [Online]",
  url           = "https://dev.ti.com/tirex/explore/node?devtools=LP-CC2652RB&node=AGfdS5ZRIzrrfo.9rKXrnw__coGQ502__LATEST"
}

@manual{sniffer_manual4,
  title         = "CC USB Software Examples User’s Guide",
  organization  = "Texas Instruments",
  address       = "Dallas, Texas, USA",
  howpubliches = " SWRU222",
  year          = "2009 [Online]",
  url           = "https://www.ti.com/lit/ug/swru222/swru222.pdf?ts=1654121009066&ref_url=https\%253A\%252F\%252Fwww.google.com\%252F"
}

@manual{rhode_manual2,
  title         = "Generation of IEEE 802.15.4 Signals",
  organization  = "Rohde \& Schwarz",
  howpubliched = "1GP105_1E",
  address       = "München, Germany",
  year          = "2012",
  pages         = "10-21",
  url = "https://scdn.rohde-schwarz.com/ur/pws/dl_downloads/dl_application/application_notes/1gp105/1GP105_1E_Generation_of_IEEE_802154_Signals.pdf"
}

@inproceedings{sanneck1999framework,
  title={Framework model for packet loss metrics based on loss runlengths},
  author={Sanneck, Henning A and Carle, Georg},
  booktitle={Multimedia Computing and Networking 2000},
  volume={3969},
  pages={177--187},
  year={1999},
  organization={International Society for Optics and Photonics}
}

@inproceedings{huang2015analysis,
  title={Analysis and comparison of the IEEE 802.15. 4 and 802.15. 6 wireless standards based on MAC layer},
  author={Huang, Renwei and Nie, Zedong and Duan, Changjiang and Liu, Yuhang and Jia, Liya and Wang, Lei},
  booktitle={International Conference on Health Information Science},
  pages={7--16},
  year={2015},
  organization={Springer}
}
@manual{whsniff3,
  author        = "Vladimir Alemasov",
  title         = "Whsniff",
  year          = "2021 [Online].",
  url           = "https://github.com/homewsn/whsniff/blob/master/src/whsniff.c"
}
@techreport{bahr_siemens,
  author        = "Michael Bahr",
  title         = "Solution to TG 4e Frame Exhaustion Issue – Frame Type Extensibility Scheme",
  institution   = "Siemens AG, Corporate Technology",
  address       = "Otto-Hahn-Ring 6, 80200 München, Germany",
  year          = "2009",
  url           = "https://mentor.ieee.org/802.15/dcn/09/15-09-0825-00-004e-frame-type-extensibility-solution.ppt"
}